101 123456789 9876543212402190000A094101USA Bank               Company A              00000000
5220Company A                           1987654321PPDACH PAYMEN 220214220214  1987654320000000
622987654321123456789        0000001000123456789012345Vendor B              A10987654320000001
822000000100987654320000000000000001234567890987654321                         987654320000000
5220Company A                           1987654321PPDACH PAYMEN 220214220214  1987654320000001
622987654321123456789        0000001500123456789012345Vendor C              A10987654320000002
822000000101975308640000000000000001234567890987654321                         987654320000001
9000002000001000000020197530864000000000000000123456789                                       
9999999999999999999999999999999999999999999999999999999999999999999999999999999999999999999999